
@article{cisco,
  author = {C. V. Mobile},
  timestamp = {2011-09-08T08:40:30.000+0200},
  title = {Cisco Visual Networking Index: Global Mobile Data Traffic Forecast Update, 2011-2016},
  year = 2014
}

@INPROCEEDINGS{6933434,
author={E. Ba?tu? and M. Bennis and M. Debbah},
booktitle={2014 11th International Symposium on Wireless Communications Systems (ISWCS)},
title={Cache-enabled small cell networks: Modeling and tradeoffs},
year={2014},
volume={},
number={},
pages={649-653},
keywords={cache storage;cellular radio;probability;cache-enabled small-cell networks;next generation mobile cellular networks;small-base stations;stochastic distribution;local cache;Internet;limited backhaul;requested content availability;outage probability model;average content delivery rate;outage probability characterization;signal-to-interference-ratio;SINR;base station intensity;target file bitrate;storage size;file popularity;Base stations;Signal to noise ratio;Bit rate;Interference;Numerical models;Scattering;Mobile communication;caching;stochastic geometry;limited backhaul;small cell networks;mobile cellular networks},
doi={10.1109/ISWCS.2014.6933434},
ISSN={2154-0217},
month={Aug},}

@ARTICLE{6600983,
author={K. Shanmugam and N. Golrezaei and A. G. Dimakis and A. F. Molisch and G. Caire},
journal={IEEE Transactions on Information Theory},
title={FemtoCaching: Wireless Content Delivery Through Distributed Caching Helpers},
year={2013},
volume={59},
number={12},
pages={8402-8413},
keywords={cellular radio;codes;femtocellular radio;greedy algorithms;Internet;linear programming;radio networks;video on demand;video streaming;wireless LAN;linear program;approximation ratio;greedy strategy;NP-hard;fountain-encoded versions;cellular base station;low-rate backhaul;system bottleneck;backhaul capacity;deployment density;nearest small cell access points;short-range links;WiFi off-loading;femtocells;heterogeneous architectures;cellular systems;video transmission;spectral efficiency;wireless networks;Internet-based servers;video on-demand streaming;distributed caching helpers;wireless content delivery;FemtoCaching;Delays;Streaming media;Wireless networks;Base stations;Network topology;Educational institutions;Caching;convex programming;integer programming;video streaming;wireless networks},
doi={10.1109/TIT.2013.2281606},
ISSN={0018-9448},
month={Dec},}

@INPROCEEDINGS{8116421,
author={Q. Jia and R. Xie and T. Huang and J. Liu and Y. Liu},
booktitle={2017 IEEE Conference on Computer Communications Workshops (INFOCOM WKSHPS)},
title={Energy-efficient cooperative coded caching for heterogeneous small cell networks},
year={2017},
volume={},
number={},
pages={468-473},
keywords={cache storage;cellular radio;cooperative communication;energy conservation;network coding;radio networks;energy efficiency issue;caching placement;heterogeneous small cell networks;content delivery efficiency;coded caching scheme;cooperative caching issues;content caching;Energy consumption;Microcell networks;Cooperative caching;Conferences;Optimization;Mobile computing;Heterogeneous small cell network;Coded caching;Cooperative caching;Energy efficiency},
doi={10.1109/INFCOMW.2017.8116421},
ISSN={},
month={May},}

@INPROCEEDINGS{6620380,
author={K. Poularakis and L. Tassiulas},
booktitle={2013 IEEE International Symposium on Information Theory},
title={Exploiting user mobility for wireless content delivery},
year={2013},
volume={},
number={},
pages={1017-1021},
keywords={approximation theory;cellular radio;distributed algorithms;encoding;Markov processes;mobile radio;user mobility;wireless content delivery;encoded version;base station;communication cell;discrete-time Markov chain model;time slot duration;file request;time deadline;downloaded data;encoded data;storage allocation;optimal solution;large deviation inequality;distributed approximation algorithm;Base stations;Resource management;Materials;Markov processes;Approximation algorithms;Mobile communication;Computer architecture},
doi={10.1109/ISIT.2013.6620380},
ISSN={2157-8117},
month={July},}

@ARTICLE{8013789,
author={X. Liu and J. Zhang and X. Zhang and W. Wang},
journal={IEEE Access},
title={Mobility-Aware Coded Probabilistic Caching Scheme for MEC-Enabled Small Cell Networks},
year={2017},
volume={5},
number={},
pages={17824-17833},
keywords={cellular radio;diversity reception;mobile computing;mobile radio;mobility management (mobile radio);probability;radio access networks;stochastic processes;wireless channels;mobile edge networks;mobility diversity;classical M most popular caching scheme;mobile edge computing;probabilistic caching scheme;mobility-aware coded probabilistic caching scheme;context-aware information;MEC-enabled small cell networks;radio access network context data;stochastic geometry theory;light-weight heuristic algorithms;content diversity;channel selection diversity;Throughput;Numerical models;Probabilistic logic;Mobile communication;Streaming media;Servers;Mobile computing;Mobility;mobile edge computing;coded caching;probabilistic caching;throughput;stochastic geometry;trade-off},
doi={10.1109/ACCESS.2017.2742555},
ISSN={2169-3536},
month={},}

@ARTICLE{7484297,
author={K. Poularakis and L. Tassiulas},
journal={IEEE Transactions on Mobile Computing},
title={Code, Cache and Deliver on the Move: A Novel Caching Paradigm in Hyper-Dense Small-Cell Networks},
year={2017},
volume={16},
number={3},
pages={675-687},
keywords={cellular radio;Markov processes;network coding;hyper-dense small-cell networks;mobile data demand;Markov chain;distributed caching paradigm;user mobility predictions;information-mixing methods;network coding;Base stations;Mobile computing;Markov processes;Mobile communication;Optimization;Probability;Data transfer;Content caching;human mobility predictability;network coding;Markov chain model;small-cell networks},
doi={10.1109/TMC.2016.2575837},
ISSN={1536-1233},
month={March},}

@ARTICLE{7537180,
author={R. Wang and X. Peng and J. Zhang and K. B. Letaief},
journal={IEEE Communications Magazine},
title={Mobility-aware caching for content-centric wireless networks: modeling and methodology},
year={2016},
volume={54},
number={8},
pages={77-83},
keywords={cache storage;mobile communication;mobility management (mobile radio);synchronisation;mobility-aware caching;content-centric wireless networks;CCWN;mobile services;connection-centric communications;content-centric communications;network architecture;caching popular content;wireless edge;base stations;user terminals;backhaul links;deployment costs;wired networks;mobile users;caching design;caching efficiency;user mobility patterns;content caching;Mobile communication;Trajectory;Mobile computing;Wireless networks;Aggregates;Cache storage},
doi={10.1109/MCOM.2016.7537180},
ISSN={0163-6804},
month={August},}

@ARTICLE{8269405,
author={Z. Ye and C. Pan and H. Zhu and J. Wang},
journal={IEEE Transactions on Vehicular Technology},
title={Tradeoff Caching Strategy of the Outage Probability and Fronthaul Usage in a Cloud-RAN},
year={2018},
volume={67},
number={7},
pages={6383-6397},
keywords={cache storage;cloud computing;computational complexity;genetic algorithms;probability;radio access networks;tradeoff caching strategy;fronthaul usage;tradeoff content caching strategy;cell average outage probability;cloud radio access network;weighted sum minimization problem;genetic algorithm-based approach;GA-based approach;exhaustive-search-based caching strategy;typical probabilistic caching strategy;cloud-RAN;composite Simpson integration;nonlinear integer problem;computational complexity;Power system reliability;Probability;Wireless communication;Computer architecture;Cloud computing;Fading channels;Microprocessors;Caching strategy;cloud-RAN;joint optimization;outage probability;fronthaul usage},
doi={10.1109/TVT.2018.2797957},
ISSN={0018-9545},
month={July},}

@article{Srinivas2002Genetic,
  title={Genetic algorithms: a survey},
  author={Srinivas, M. and Patnaik, L. M.},
  journal={Computer},
  volume={27},
  number={6},
  pages={17-26},
  year={2002},
}

@ARTICLE{8269405,
author={Z. Ye and C. Pan and H. Zhu and J. Wang},
journal={IEEE Transactions on Vehicular Technology},
title={Tradeoff Caching Strategy of the Outage Probability and Fronthaul Usage in a Cloud-RAN},
year={2018},
volume={67},
number={7},
pages={6383-6397},
keywords={cache storage;cloud computing;computational complexity;genetic algorithms;probability;radio access networks;tradeoff caching strategy;fronthaul usage;tradeoff content caching strategy;cell average outage probability;cloud radio access network;weighted sum minimization problem;genetic algorithm-based approach;GA-based approach;exhaustive-search-based caching strategy;typical probabilistic caching strategy;cloud-RAN;composite Simpson integration;nonlinear integer problem;computational complexity;Power system reliability;Probability;Wireless communication;Computer architecture;Cloud computing;Fading channels;Microprocessors;Caching strategy;cloud-RAN;joint optimization;outage probability;fronthaul usage},
doi={10.1109/TVT.2018.2797957},
ISSN={0018-9545},
month={July},}

@ARTICLE{6963798,
author={X. Ge and H. Cheng and M. Guizani and T. Han},
journal={IEEE Network},
title={5G wireless backhaul networks: challenges and research advances},
year={2014},
volume={28},
number={6},
pages={6-11},
keywords={cellular radio;radio networks;telecommunication traffic;5G wireless backhaul networks;gigabit-level throughput;cellular networks;wireless backhaul traffic;network architectures;millimeter wave communication technology;small cell communication technology;energy efficiency;Computer architecture;Microprocessors;Wireless communication;Energy efficiency;5G mobile communication;Macrocell networks;Millimeter wave communication;Next generation networking;Cellular networks},
doi={10.1109/MNET.2014.6963798},
ISSN={0890-8044},
month={Nov},}

@ARTICLE{6736753,
author={X. Wang and M. Chen and T. Taleb and A. Ksentini and V. C. M. Leung},
journal={IEEE Communications Magazine},
title={Cache in the air: exploiting content caching and delivery techniques for 5G systems},
year={2014},
volume={52},
number={2},
pages={131-139},
keywords={cache storage;mobile computing;multimedia communication;multimedia service;mobile networks;wireless link;radio access networks;backhaul network;mobile content caching;delivery techniques;intermediate servers;remote server;5G mobile network;evolved packet core network caching;radio access network caching;information centric networking;trace driven simulation;Mobile communication;Radio access networks;Mobile computing;Internet;Servers;Logic gates;Long Term Evolution;Cache storage;Next generation networking},
doi={10.1109/MCOM.2014.6736753},
ISSN={0163-6804},
month={February},}

@INPROCEEDINGS{7997337,
author={T. Liu and S. Zhou and Z. N. Tsinghua},
booktitle={2017 IEEE International Conference on Communications (ICC)},
title={Mobility-aware coded-caching scheme for small cell network},
year={2017},
volume={},
number={},
pages={1-6},
keywords={cellular radio;exponential distribution;mobility management (mobile radio);radio networks;telecommunication traffic;mobility-aware coded-caching scheme;small cell network;traffic demand;wireless networks;small base stations;cellular networks;caching capabilities;transmission rate;user mobility;optimal file allocation strategies;user association;user sojourn time;exponential distribution;mean download time;mean sojourn time;Resource management;Exponential distribution;Upper bound;Wireless communication;Microcell networks;Base stations},
doi={10.1109/ICC.2017.7997337},
ISSN={1938-1883},
month={May},}

@ARTICLE{7537180,
author={R. Wang and X. Peng and J. Zhang and K. B. Letaief},
journal={IEEE Communications Magazine},
title={Mobility-aware caching for content-centric wireless networks: modeling and methodology},
year={2016},
volume={54},
number={8},
pages={77-83},
keywords={cache storage;mobile communication;mobility management (mobile radio);synchronisation;mobility-aware caching;content-centric wireless networks;CCWN;mobile services;connection-centric communications;content-centric communications;network architecture;caching popular content;wireless edge;base stations;user terminals;backhaul links;deployment costs;wired networks;mobile users;caching design;caching efficiency;user mobility patterns;content caching;Mobile communication;Trajectory;Mobile computing;Wireless networks;Aggregates;Cache storage},
doi={10.1109/MCOM.2016.7537180},
ISSN={0163-6804},
month={August},}

@INPROCEEDINGS{7815023,
author={T. X. Tran and D. Pompili},
booktitle={2016 IEEE 13th International Conference on Mobile Ad Hoc and Sensor Systems (MASS)},
title={Octopus: A Cooperative Hierarchical Caching Strategy for Cloud Radio Access Networks},
year={2016},
volume={},
number={},
pages={154-162},
keywords={cloud computing;cooperative communication;radio access networks;reactive cache replacement algorithm;proactive cache distribution algorithm;delay cost model;RAN cache hierarchy;cloud processing unit;quality of experience;content delivery;storage capacity;shared computing resources;cloud-based computing platform;cloud radio access networks;cooperative hierarchical caching strategy;Octopus;Cloud computing;Mobile communication;Radio access networks;Mobile computing;Optimization;Delays;Central Processing Unit;Hierarchical caching;cooperative caching;cloud Radio Access Networks;C-RAN},
doi={10.1109/MASS.2016.029},
ISSN={2155-6814},
month={Oct},}

@INPROCEEDINGS{6952688,
author={K. Poularakis and G. Iosifidis and V. Sourlas and L. Tassiulas},
booktitle={2014 IEEE Wireless Communications and Networking Conference (WCNC)},
title={Multicast-aware caching for small cell networks},
year={2014},
volume={},
number={},
pages={2300-2305},
keywords={cache storage;multicast communication;optimisation;telecommunication traffic;multicast aware caching;small cell networks;mobile data demand growth;cache design policy;multicast transmission;Heuristic algorithms;Tin;Mobile communication;Linear programming;Mobile computing;Base stations;Unicast},
doi={10.1109/WCNC.2014.6952688},
ISSN={1525-3511},
month={April},}

@ARTICLE{7268835,
author={Z. Zhou and M. Dong and K. Ota and Z. Chang},
journal={IEEE Access},
title={Energy-Efficient Context-Aware Matching for Resource Allocation in Ultra-Dense Small Cells},
year={2015},
volume={3},
number={},
pages={1849-1860},
keywords={cellular radio;computational complexity;energy conservation;integer programming;iterative methods;nonlinear programming;resource allocation;telecommunication power management;telecommunication traffic;MINLP problem;algorithmic complexity;Gale-Shapley algorithm;Lagrange dual decomposition;nonlinear fractional programming;iterative algorithm;energy efficiency;NP-hard problem;mixed integer nonlinear programming;context-aware resource allocation problem;energy price;mobile data traffic;ultra-dense small cells;context-aware matching;Mobile communication;Telecommunication traffic;Energy efficiency;Context awareness;Cache storage;Data processing;Algorithm design and analysis;Iterative methods;Resource management;Energy storage;energy-efficient;context-aware;caching;ultra-dense;small cell;Energy-efficient;context-aware;caching;ultra-dense;small cell},
doi={10.1109/ACCESS.2015.2478863},
ISSN={2169-3536},
month={},}

@ARTICLE{1210731,
author={Dapeng Wu and R. Negi},
journal={IEEE Transactions on Wireless Communications},
title={Effective capacity: a wireless link model for support of quality of service},
year={2003},
volume={2},
number={4},
pages={630-643},
keywords={channel capacity;quality of service;delays;Rayleigh channels;Rician channels;queueing theory;effective capacity;wireless link model;quality of service;next-generation wireless networks;wireless channel;connection-level QoS metrics;data rate;delay;delay-violation probability;link-layer channel model;nonempty buffer;marginal distribution;Rayleigh-Ricean distribution;Doppler spectrum;delay bounds;admission control;resource reservation;Quality of service;Delay estimation;Wireless networks;Admission control;Next generation networking;Predictive models;Communication system traffic control;Traffic control;Fading;Queueing analysis},
doi={10.1109/TWC.2003.814353},
ISSN={1536-1276},
month={July},}

@INPROCEEDINGS{1363841,
author={Dapeng Wu and R. Negi},
booktitle={First International Conference on Broadband Networks},
title={Effective capacity-based quality of service measures for wireless networks},
year={2004},
volume={},
number={},
pages={527-536},
keywords={quality of service;telecommunication traffic;channel capacity;radio networks;probability;radio links;quality of service;wireless network;QoS;delay-violation probability;link-layer channel model;wireless channel;channel capacity technique;variable-bit-rate source;packetized traffic;Quality of service;Wireless networks;Telecommunication traffic;Traffic control;Propagation delay;Channel capacity;Computer networks;Next generation networking;Wireless communication;Queueing analysis},
doi={10.1109/BROADNETS.2004.36},
ISSN={},
month={Oct},}
